<?xml version="1.0" encoding="UTF-8"?>
<SOAP-ENV:Envelope xmlns:SOAP-ENV="http://schemas.xmlsoap.org/soap/envelope/" xmlns:ns1="http://oss.dbc.dk/ns/openformat" xmlns:os="http://oss.dbc.dk/ns/opensearch" xmlns:dc="http://purl.org/dc/elements/1.1/" xmlns:dkabm="http://biblstandard.dk/abm/namespace/dkabm/" xmlns:ISO639-2="http://lcweb.loc.gov/standards/iso639-2/" xmlns:dcmitype="http://purl.org/dc/dcmitype/" xmlns:dcterms="http://purl.org/dc/terms/" xmlns:ac="http://biblstandard.dk/ac/namespace/" xmlns:dkdcplus="http://biblstandard.dk/abm/namespace/dkdcplus/" xmlns:oss="http://oss.dbc.dk/ns/osstypes" xmlns:marcx="info:lc/xmlns/marcxchange-v1" xmlns:xsi="http://www.w3.org/2001/XMLSchema-instance" xmlns:foxml="info:fedora/fedora-system:def/foxml#" xsi:schemaLocation="info:fedora/fedora-system:def/foxml# http://www.fedora.info/definitions/1/0/foxml1-1.xsd">
  <SOAP-ENV:Body>
    <ns1:formatRequest>
      <ns1:originalData>
<oclcRecords><oclcRecord><foxml:digitalObject VERSION="1.1" PID="870970-basis:29080380"
xmlns:foxml="info:fedora/fedora-system:def/foxml#"
xmlns:xsi="http://www.w3.org/2001/XMLSchema-instance"
xsi:schemaLocation="info:fedora/fedora-system:def/foxml# http://www.fedora.info/definitions/1/0/foxml1-1.xsd">
<foxml:objectProperties>
<foxml:property NAME="info:fedora/fedora-system:def/model#state" VALUE="Active"/>
<foxml:property NAME="info:fedora/fedora-system:def/model#label" VALUE=""/>
<foxml:property NAME="info:fedora/fedora-system:def/model#ownerId" VALUE=""/>
<foxml:property NAME="info:fedora/fedora-system:def/model#createdDate" VALUE="2013-05-16T12:06:31.523Z"/>
<foxml:property NAME="info:fedora/fedora-system:def/view#lastModifiedDate" VALUE="2013-05-16T12:09:15.009Z"/>
</foxml:objectProperties>
<foxml:datastream ID="AUDIT" STATE="A" CONTROL_GROUP="X" VERSIONABLE="false">
<foxml:datastreamVersion ID="AUDIT.0" LABEL="Audit Trail for this object" CREATED="2013-05-16T12:06:31.523Z" MIMETYPE="text/xml" FORMAT_URI="info:fedora/fedora-system:format/xml.fedora.audit">
<foxml:xmlContent>
<audit:auditTrail xmlns:audit="info:fedora/fedora-system:def/audit#">
<audit:record ID="AUDREC1">
<audit:process type="Fedora API-M"/>
<audit:action>modifyDatastreamByValue</audit:action>
<audit:componentID>RELS-SYS</audit:componentID>
<audit:responsibility>fedoraAdmin</audit:responsibility>
<audit:date>2013-05-16T12:06:31.588Z</audit:date>
<audit:justification></audit:justification>
</audit:record>
<audit:record ID="AUDREC2">
<audit:process type="Fedora API-M"/>
<audit:action>modifyDatastreamByValue</audit:action>
<audit:componentID>DC</audit:componentID>
<audit:responsibility>fedoraAdmin</audit:responsibility>
<audit:date>2013-05-16T12:09:15.009Z</audit:date>
<audit:justification></audit:justification>
</audit:record>
</audit:auditTrail>
</foxml:xmlContent>
</foxml:datastreamVersion>
</foxml:datastream>
<foxml:datastream ID="commonData" STATE="A" CONTROL_GROUP="X" VERSIONABLE="false">
<foxml:datastreamVersion ID="commonData.0" LABEL="" CREATED="2013-05-16T12:06:31.531Z" MIMETYPE="text/xml" SIZE="12233">
<foxml:xmlContent>
<ting:container xmlns:ac="http://biblstandard.dk/ac/namespace/" xmlns:dc="http://purl.org/dc/elements/1.1/" xmlns:dcterms="http://purl.org/dc/terms/" xmlns:dkabm="http://biblstandard.dk/abm/namespace/dkabm/" xmlns:dkdcplus="http://biblstandard.dk/abm/namespace/dkdcplus/" xmlns:docbook="http://docbook.org/ns/docbook" xmlns:oss="http://oss.dbc.dk/ns/osstypes" xmlns:ting="http://www.dbc.dk/ting" xmlns:xsi="http://www.w3.org/2001/XMLSchema-instance"><dkabm:record><ac:identifier>29080380|870970</ac:identifier><ac:source>Bibliotekskatalog</ac:source><dc:title>Hvor lidt der skal til</dc:title><dc:title xsi:type="dkdcplus:full">Hvor lidt der skal til : en bog om Helle Helles forfatterskab</dc:title><dc:title xsi:type="dkdcplus:series">University of Southern Denmark studies in Scandinavian languages and literature ; vol. 106</dc:title><dcterms:alternative>Hvor lidt skal der til</dcterms:alternative><dc:subject xsi:type="dkdcplus:DK5">99.4 Helle, Helle</dc:subject><dc:subject xsi:type="dkdcplus:DK5-Text">Biografier af enkelte personer</dc:subject><dc:subject xsi:type="dkdcplus:DBCF">Helle Helle</dc:subject><dc:subject xsi:type="oss:sort">Helle, Helle</dc:subject><dc:subject xsi:type="dkdcplus:DBCO">analyser</dc:subject><dc:subject>bibliografier</dc:subject><dc:subject xsi:type="dkdcplus:DBCF">dansk litteratur</dc:subject><dc:subject xsi:type="dkdcplus:DBCF">forfatterskaber</dc:subject><dc:subject xsi:type="dkdcplus:DBCO">litteraturanalyser</dc:subject><dc:description>Indhold: Helle Helle: Alfabetet ; Noter. Per Krogh Hansen: Lidt har også ret. Værklæsninger (Maja Lucas: Bogen der svajede : Eksempel på liv, 1993. Anker Gemzøe: Rester betyder : Rester, 1996. Karen Hvidtfeldt Madsen: &quot;Alting er som det skal være&quot; : det helt almindelige livs æstetik : Hus og hjem, 1999. Anne-Marie Vestergꜳrd: Er flæskestegen et symbol? : Biler og dyr, 2000. Jørgen Ꜳbenhus: Et sted at være : Forestillingen om et ukompliceret liv med en mand, 2002. Karin Esmann Knudsen: Også plads til børnelæseren : Min mor sidder fast på en pind /sammen med Lars Nørgꜳrd, 2003. Trine Wittenburg Kvorning: På jagt efter en undertekst : Rødby-Puttgarden, 2005. Niels Gunder Hansen: De gode menneskers provins : Ned til hundene, 2008. Anita Nell Bech Albertsen: Også tilværelsen kræver fortolkning : Det burde skrives i nutid, 2011). Morten Mikkelsen: Helle Helle som dansklærerlitteratur. Dennis Gade Kofod: Et mail-interview med Helle Helle. Lars Bukdahl: Minimalmaraton! : en Helle Helle-læsning i real time</dc:description><dcterms:audience>voksenmaterialer</dcterms:audience><dc:publisher>Syddansk Universitetsforlag</dc:publisher><dc:publisher>Rosinante</dc:publisher><dc:contributor xsi:type="dkdcplus:edt">Jørgen Ꜳbenhus</dc:contributor><dc:contributor xsi:type="dkdcplus:edt">Anita Nell Bech Albertsen</dc:contributor><dc:contributor xsi:type="dkdcplus:edt">Per Krogh Hansen</dc:contributor><dc:contributor>Syddansk Universitet</dc:contributor><dc:date>2011</dc:date><dc:type xsi:type="dkdcplus:BibDK-Type">Bog</dc:type><dcterms:extent>310 sider</dcterms:extent><dc:identifier xsi:type="dkdcplus:ISBN">9788776745790</dc:identifier><dc:identifier xsi:type="dkdcplus:ISSN">0078-3331</dc:identifier><dc:language xsi:type="dcterms:ISO639-2">dan</dc:language><dc:language>Dansk</dc:language><dcterms:temporal xsi:type="dkdcplus:DBCP">1990-1999</dcterms:temporal><dcterms:temporal xsi:type="dkdcplus:DBCP">2000-2009</dcterms:temporal><dcterms:temporal xsi:type="dkdcplus:DBCP">2010-2019</dcterms:temporal></dkabm:record><marcx:collection xmlns:marcx="info:lc/xmlns/marcxchange-v1"><marcx:record format="danMARC2" type="Bibliographic"><marcx:leader>00000n    2200000   4500</marcx:leader><marcx:datafield ind1="0" ind2="0" tag="001"><marcx:subfield code="a">29080380</marcx:subfield><marcx:subfield code="b">870970</marcx:subfield><marcx:subfield code="c">20120328095652</marcx:subfield><marcx:subfield code="d">20111118</marcx:subfield><marcx:subfield code="f">a</marcx:subfield></marcx:datafield><marcx:datafield ind1="0" ind2="0" tag="004"><marcx:subfield code="r">n</marcx:subfield><marcx:subfield code="a">e</marcx:subfield></marcx:datafield><marcx:datafield ind1="0" ind2="0" tag="008"><marcx:subfield code="t">s</marcx:subfield><marcx:subfield code="u">f</marcx:subfield><marcx:subfield code="a">2011</marcx:subfield><marcx:subfield code="b">dk</marcx:subfield><marcx:subfield code="d">y</marcx:subfield><marcx:subfield code="l">dan</marcx:subfield><marcx:subfield code="x">04</marcx:subfield><marcx:subfield code="x">06</marcx:subfield><marcx:subfield code="v">0</marcx:subfield></marcx:datafield><marcx:datafield ind1="0" ind2="0" tag="009"><marcx:subfield code="a">a</marcx:subfield><marcx:subfield code="g">xx</marcx:subfield></marcx:datafield><marcx:datafield ind1="0" ind2="0" tag="021"><marcx:subfield code="e">9788776745790</marcx:subfield><marcx:subfield code="c">hf.</marcx:subfield><marcx:subfield code="d">kr. 278,00</marcx:subfield></marcx:datafield><marcx:datafield ind1="0" ind2="0" tag="032"><marcx:subfield code="x">ACC201146</marcx:subfield><marcx:subfield code="a">DBF201150</marcx:subfield><marcx:subfield code="x">BKM201150</marcx:subfield></marcx:datafield><marcx:datafield ind1="0" ind2="0" tag="245"><marcx:subfield code="a">Hvor lidt der skal til</marcx:subfield><marcx:subfield code="c">en bog om Helle Helles forfatterskab</marcx:subfield></marcx:datafield><marcx:datafield ind1="0" ind2="0" tag="260"><marcx:subfield code="&amp;">1</marcx:subfield><marcx:subfield code="a">Odense</marcx:subfield><marcx:subfield code="b">Syddansk Universitetsforlag</marcx:subfield><marcx:subfield code="a">[Kbh.]</marcx:subfield><marcx:subfield code="b">Rosinante</marcx:subfield><marcx:subfield code="c">2011</marcx:subfield></marcx:datafield><marcx:datafield ind1="0" ind2="0" tag="300"><marcx:subfield code="a">310 sider</marcx:subfield></marcx:datafield><marcx:datafield ind1="0" ind2="0" tag="440"><marcx:subfield code="a">University of Southern Denmark studies in Scandinavian languages and literatures</marcx:subfield><marcx:subfield code="z">0078-3331</marcx:subfield><marcx:subfield code="V">106</marcx:subfield><marcx:subfield code="v">vol. 106</marcx:subfield></marcx:datafield><marcx:datafield ind1="0" ind2="0" tag="521"><marcx:subfield code="b">1. oplag</marcx:subfield><marcx:subfield code="c">2011</marcx:subfield><marcx:subfield code="k">Narayana Press, Gylling</marcx:subfield></marcx:datafield><marcx:datafield ind1="0" ind2="0" tag="530"><marcx:subfield code="&amp;">1</marcx:subfield><marcx:subfield code="a">Indhold: Helle Helle: Alfabetet ; Noter. Per Krogh Hansen: Lidt har også ret. Værklæsninger (Maja Lucas: Bogen der svajede : Eksempel på liv, 1993. Anker Gemzøe: Rester betyder : Rester, 1996. Karen Hvidtfeldt Madsen: &quot;Alting er som det skal være&quot; : det helt almindelige livs æstetik : Hus og hjem, 1999. Anne-Marie Vestergꜳrd: Er flæskestegen et symbol? : Biler og dyr, 2000. Jørgen Ꜳbenhus: Et sted at være : Forestillingen om et ukompliceret liv med en mand, 2002. Karin Esmann Knudsen: Også plads til børnelæseren : Min mor sidder fast på en pind /sammen med Lars Nørgꜳrd, 2003. Trine Wittenburg Kvorning: På jagt efter en undertekst : Rødby-Puttgarden, 2005. Niels Gunder Hansen: De gode menneskers provins : Ned til hundene, 2008. Anita Nell Bech Albertsen: Også tilværelsen kræver fortolkning : Det burde skrives i nutid, 2011). Morten Mikkelsen: Helle Helle som dansklærerlitteratur. Dennis Gade Kofod: Et mail-interview med Helle Helle. Lars Bukdahl: Minimalmaraton! : en Helle Helle-læsning i real time</marcx:subfield></marcx:datafield><marcx:datafield ind1="0" ind2="0" tag="532"><marcx:subfield code="a">Side 299-305: Bibliografi</marcx:subfield></marcx:datafield><marcx:datafield ind1="0" ind2="0" tag="532"><marcx:subfield code="&amp;">1</marcx:subfield><marcx:subfield code="a">Med litteraturhenvisninger og links</marcx:subfield></marcx:datafield><marcx:datafield ind1="0" ind2="0" tag="600"><marcx:subfield code="a">Helle</marcx:subfield><marcx:subfield code="h">Helle</marcx:subfield><marcx:subfield code="1"></marcx:subfield></marcx:datafield><marcx:datafield ind1="0" ind2="0" tag="631"><marcx:subfield code="f">bibliografier</marcx:subfield></marcx:datafield><marcx:datafield ind1="0" ind2="0" tag="652"><marcx:subfield code="m">99.4</marcx:subfield><marcx:subfield code="a">Helle</marcx:subfield><marcx:subfield code="h">Helle</marcx:subfield></marcx:datafield><marcx:datafield ind1="0" ind2="0" tag="652"><marcx:subfield code="p">81.66</marcx:subfield></marcx:datafield><marcx:datafield ind1="0" ind2="0" tag="666"><marcx:subfield code="0"></marcx:subfield><marcx:subfield code="f">dansk litteratur</marcx:subfield></marcx:datafield><marcx:datafield ind1="0" ind2="0" tag="666"><marcx:subfield code="0"></marcx:subfield><marcx:subfield code="f">forfatterskaber</marcx:subfield></marcx:datafield><marcx:datafield ind1="0" ind2="0" tag="666"><marcx:subfield code="0"></marcx:subfield><marcx:subfield code="i">1990-1999</marcx:subfield></marcx:datafield><marcx:datafield ind1="0" ind2="0" tag="666"><marcx:subfield code="0"></marcx:subfield><marcx:subfield code="i">2000-2009</marcx:subfield></marcx:datafield><marcx:datafield ind1="0" ind2="0" tag="666"><marcx:subfield code="0"></marcx:subfield><marcx:subfield code="i">2010-2019</marcx:subfield></marcx:datafield><marcx:datafield ind1="0" ind2="0" tag="666"><marcx:subfield code="0"></marcx:subfield><marcx:subfield code="o">litteraturanalyser</marcx:subfield></marcx:datafield><marcx:datafield ind1="0" ind2="0" tag="666"><marcx:subfield code="0"></marcx:subfield><marcx:subfield code="o">analyser</marcx:subfield></marcx:datafield><marcx:datafield ind1="0" ind2="0" tag="700"><marcx:subfield code="a">Ꜳbenhus</marcx:subfield><marcx:subfield code="h">Jørgen</marcx:subfield><marcx:subfield code="4">edt</marcx:subfield></marcx:datafield><marcx:datafield ind1="0" ind2="0" tag="700"><marcx:subfield code="å">1</marcx:subfield><marcx:subfield code="a">Bech Albertsen</marcx:subfield><marcx:subfield code="h">Anita Nell</marcx:subfield><marcx:subfield code="4">edt</marcx:subfield></marcx:datafield><marcx:datafield ind1="0" ind2="0" tag="700"><marcx:subfield code="å">2</marcx:subfield><marcx:subfield code="a">Krogh Hansen</marcx:subfield><marcx:subfield code="h">Per</marcx:subfield><marcx:subfield code="4">edt</marcx:subfield></marcx:datafield><marcx:datafield ind1="0" ind2="0" tag="710"><marcx:subfield code="a">Syddansk Universitet</marcx:subfield></marcx:datafield><marcx:datafield ind1="0" ind2="0" tag="745"><marcx:subfield code="a">Hvor lidt skal der til</marcx:subfield></marcx:datafield><marcx:datafield ind1="0" ind2="0" tag="840"><marcx:subfield code="a">University of Southern Denmark studies in Scandinavian languages and literature</marcx:subfield><marcx:subfield code="V">106</marcx:subfield><marcx:subfield code="v">vol. 106</marcx:subfield></marcx:datafield><marcx:datafield ind1="0" ind2="0" tag="900"><marcx:subfield code="a">Albertsen</marcx:subfield><marcx:subfield code="h">Anita Nell Bech</marcx:subfield><marcx:subfield code="z">700/1</marcx:subfield></marcx:datafield><marcx:datafield ind1="0" ind2="0" tag="900"><marcx:subfield code="a">Hansen</marcx:subfield><marcx:subfield code="h">Per Krogh</marcx:subfield><marcx:subfield code="z">700/2</marcx:subfield></marcx:datafield><marcx:datafield ind1="0" ind2="0" tag="910"><marcx:subfield code="a">University of Southern Denmark</marcx:subfield><marcx:subfield code="z">710</marcx:subfield></marcx:datafield><marcx:datafield ind1="0" ind2="0" tag="990"><marcx:subfield code="o">201150</marcx:subfield><marcx:subfield code="b">l</marcx:subfield><marcx:subfield code="b">v</marcx:subfield><marcx:subfield code="u">nt</marcx:subfield></marcx:datafield><marcx:datafield ind1="0" ind2="0" tag="996"><marcx:subfield code="a">DBC</marcx:subfield></marcx:datafield></marcx:record></marcx:collection><adminData><creationDate>2011-11-18</creationDate><libraryType>none</libraryType><indexingAlias>danmarcxchange</indexingAlias><accessType>physical</accessType><genre>nonfiktion</genre><collectionIdentifier>870970-basis</collectionIdentifier></adminData></ting:container>
</foxml:xmlContent>
</foxml:datastreamVersion>
</foxml:datastream>
<foxml:datastream ID="localData.870970-basis" STATE="A" CONTROL_GROUP="X" VERSIONABLE="false">
<foxml:datastreamVersion ID="localData.870970-basis.0" LABEL="" CREATED="2013-05-16T12:06:31.532Z" MIMETYPE="text/xml" SIZE="10776">
<foxml:xmlContent>
<ting:localData xmlns:ting="http://www.dbc.dk/ting"><marcx:record xmlns:marcx="info:lc/xmlns/marcxchange-v1" format="danMARC2" type="BibliographicLocal"><marcx:datafield ind1="0" ind2="0" tag="d08"><marcx:subfield code="o">jdy</marcx:subfield><marcx:subfield code="o">psc</marcx:subfield><marcx:subfield code="k">anh</marcx:subfield></marcx:datafield><marcx:datafield ind1="0" ind2="0" tag="d09"><marcx:subfield code="z">LIT201150</marcx:subfield></marcx:datafield><marcx:datafield ind1="0" ind2="0" tag="d09"><marcx:subfield code="z">REX201215</marcx:subfield></marcx:datafield><marcx:datafield ind1="0" ind2="0" tag="d31"><marcx:subfield code="b">155</marcx:subfield><marcx:subfield code="h">228</marcx:subfield><marcx:subfield code="t">18</marcx:subfield></marcx:datafield><marcx:datafield ind1="0" ind2="0" tag="d32"><marcx:subfield code="b">155</marcx:subfield><marcx:subfield code="h">230</marcx:subfield><marcx:subfield code="t">16</marcx:subfield></marcx:datafield><marcx:datafield ind1="0" ind2="0" tag="d35"><marcx:subfield code="a">P</marcx:subfield><marcx:subfield code="i">01</marcx:subfield><marcx:subfield code="n">01</marcx:subfield><marcx:subfield code="p">01</marcx:subfield><marcx:subfield code="q">01</marcx:subfield></marcx:datafield><marcx:datafield ind1="0" ind2="0" tag="f06"><marcx:subfield code="b">l</marcx:subfield><marcx:subfield code="b">v</marcx:subfield></marcx:datafield><marcx:datafield ind1="0" ind2="0" tag="n51"><marcx:subfield code="a">20111212</marcx:subfield></marcx:datafield><marcx:datafield ind1="0" ind2="0" tag="n55"><marcx:subfield code="a">20111118</marcx:subfield></marcx:datafield><marcx:datafield ind1="0" ind2="0" tag="s12"><marcx:subfield code="t">TeamBLY201148</marcx:subfield></marcx:datafield><marcx:datafield ind1="0" ind2="0" tag="t00"><marcx:subfield code="å">1</marcx:subfield><marcx:subfield code="a">Krogh Hansen</marcx:subfield><marcx:subfield code="h">Per</marcx:subfield><marcx:subfield code="t">Lidt har også ret</marcx:subfield><marcx:subfield code="u">Helle Helles forfatterskab imellem minimalisme og realisme</marcx:subfield><marcx:subfield code="v">s. 13-40</marcx:subfield><marcx:subfield code="b">Lit</marcx:subfield></marcx:datafield><marcx:datafield ind1="0" ind2="0" tag="t00"><marcx:subfield code="å">2</marcx:subfield><marcx:subfield code="a">Lucas</marcx:subfield><marcx:subfield code="h">Maja</marcx:subfield><marcx:subfield code="t">Bogen der svajede</marcx:subfield><marcx:subfield code="u">Eksempel på liv, 1993</marcx:subfield><marcx:subfield code="v">s. 41-57</marcx:subfield><marcx:subfield code="b">Lit</marcx:subfield></marcx:datafield><marcx:datafield ind1="0" ind2="0" tag="t00"><marcx:subfield code="å">3</marcx:subfield><marcx:subfield code="a">Gemzøe</marcx:subfield><marcx:subfield code="h">Anker</marcx:subfield><marcx:subfield code="t">Rester betyder</marcx:subfield><marcx:subfield code="u">Rester, 1996</marcx:subfield><marcx:subfield code="v">s. 59-84</marcx:subfield><marcx:subfield code="b">Lit</marcx:subfield></marcx:datafield><marcx:datafield ind1="0" ind2="0" tag="t00"><marcx:subfield code="å">4</marcx:subfield><marcx:subfield code="a">Hvidtfeldt Madsen</marcx:subfield><marcx:subfield code="h">Karen</marcx:subfield><marcx:subfield code="t">&quot;Alting er som det skal være</marcx:subfield><marcx:subfield code="u">det helt almindelige livs æstetik</marcx:subfield><marcx:subfield code="u">Hus og hjem, 1999</marcx:subfield><marcx:subfield code="v">s. 85-105</marcx:subfield><marcx:subfield code="b">Lit</marcx:subfield></marcx:datafield><marcx:datafield ind1="0" ind2="0" tag="t00"><marcx:subfield code="å">5</marcx:subfield><marcx:subfield code="a">Vestergꜳrd</marcx:subfield><marcx:subfield code="h">Anne-Marie</marcx:subfield><marcx:subfield code="t">Er flæsken et symbol?</marcx:subfield><marcx:subfield code="u">Biler og dyr, 2000</marcx:subfield><marcx:subfield code="v">s. 107-125</marcx:subfield><marcx:subfield code="b">Lit</marcx:subfield></marcx:datafield><marcx:datafield ind1="0" ind2="0" tag="t00"><marcx:subfield code="å">6</marcx:subfield><marcx:subfield code="a">Ꜳbenhus</marcx:subfield><marcx:subfield code="h">Jørgen</marcx:subfield><marcx:subfield code="t">Et sted at være</marcx:subfield><marcx:subfield code="u">forestillingen om et ukompliceret liv med en mand, 2002</marcx:subfield><marcx:subfield code="v">s. 127-147</marcx:subfield><marcx:subfield code="b">Lit</marcx:subfield></marcx:datafield><marcx:datafield ind1="0" ind2="0" tag="t00"><marcx:subfield code="å">7</marcx:subfield><marcx:subfield code="a">Esmann Knudsen</marcx:subfield><marcx:subfield code="h">Karin</marcx:subfield><marcx:subfield code="t">Også plads til børnelæseren</marcx:subfield><marcx:subfield code="u">Min mor sidder fast på en pind, 2003</marcx:subfield><marcx:subfield code="v">s. 149-162</marcx:subfield><marcx:subfield code="b">Lit</marcx:subfield></marcx:datafield><marcx:datafield ind1="0" ind2="0" tag="t00"><marcx:subfield code="å">8</marcx:subfield><marcx:subfield code="a">Kvorning</marcx:subfield><marcx:subfield code="h">Trine Wittenburg</marcx:subfield><marcx:subfield code="t">På jagt efter en undertekst</marcx:subfield><marcx:subfield code="u">Rødby-Puttgarden, 2005</marcx:subfield><marcx:subfield code="v">s. 163-185</marcx:subfield><marcx:subfield code="b">Lit</marcx:subfield></marcx:datafield><marcx:datafield ind1="0" ind2="0" tag="t00"><marcx:subfield code="å">9</marcx:subfield><marcx:subfield code="a">Gunder Hansen</marcx:subfield><marcx:subfield code="h">Nils</marcx:subfield><marcx:subfield code="t">De ¤gode menneskers provins</marcx:subfield><marcx:subfield code="u">Ned til hundene, 2008</marcx:subfield><marcx:subfield code="v">s. 188-206</marcx:subfield><marcx:subfield code="b">Lit</marcx:subfield></marcx:datafield><marcx:datafield ind1="0" ind2="0" tag="t00"><marcx:subfield code="å">10</marcx:subfield><marcx:subfield code="a">Bech  Albertsen</marcx:subfield><marcx:subfield code="h">Anita Nell</marcx:subfield><marcx:subfield code="t">Også tilværelsen kræver fortolkning</marcx:subfield><marcx:subfield code="u">Dette burde skrives i nutid, 2011</marcx:subfield><marcx:subfield code="v">s. 207-225</marcx:subfield><marcx:subfield code="b">Lit</marcx:subfield></marcx:datafield><marcx:datafield ind1="0" ind2="0" tag="t00"><marcx:subfield code="å">11</marcx:subfield><marcx:subfield code="a">Mikkelsen</marcx:subfield><marcx:subfield code="h">Morten</marcx:subfield><marcx:subfield code="c">f. 1956</marcx:subfield><marcx:subfield code="t">Helle Helle som dansklærerlitteratur</marcx:subfield><marcx:subfield code="v">s. 227-247</marcx:subfield><marcx:subfield code="b">Lit</marcx:subfield></marcx:datafield><marcx:datafield ind1="0" ind2="0" tag="t60"><marcx:subfield code="o">litteraturanalyser</marcx:subfield><marcx:subfield code="o">analyser</marcx:subfield></marcx:datafield><marcx:datafield ind1="0" ind2="0" tag="t60"><marcx:subfield code="a">Helle</marcx:subfield><marcx:subfield code="h">Helle</marcx:subfield><marcx:subfield code="f">dansk litteratur</marcx:subfield></marcx:datafield><marcx:datafield ind1="0" ind2="0" tag="t60"><marcx:subfield code="å">2</marcx:subfield><marcx:subfield code="t">Eksempel på liv</marcx:subfield><marcx:subfield code="f">romaner</marcx:subfield></marcx:datafield><marcx:datafield ind1="0" ind2="0" tag="t60"><marcx:subfield code="å">3</marcx:subfield><marcx:subfield code="t">Rester</marcx:subfield><marcx:subfield code="f">noveller</marcx:subfield></marcx:datafield><marcx:datafield ind1="0" ind2="0" tag="t60"><marcx:subfield code="å">4</marcx:subfield><marcx:subfield code="t">Hus og hjem</marcx:subfield><marcx:subfield code="f">romaner</marcx:subfield></marcx:datafield><marcx:datafield ind1="0" ind2="0" tag="t60"><marcx:subfield code="å">5</marcx:subfield><marcx:subfield code="t">Biler og dyr</marcx:subfield><marcx:subfield code="f">noveller</marcx:subfield></marcx:datafield><marcx:datafield ind1="0" ind2="0" tag="t60"><marcx:subfield code="å">6</marcx:subfield><marcx:subfield code="a">Forestillingen om et ukompliceret liv med en mand</marcx:subfield><marcx:subfield code="f">romaner</marcx:subfield></marcx:datafield><marcx:datafield ind1="0" ind2="0" tag="t60"><marcx:subfield code="å">7</marcx:subfield><marcx:subfield code="t">Min mor sidder fast på en pind</marcx:subfield><marcx:subfield code="f">billedbøger</marcx:subfield></marcx:datafield><marcx:datafield ind1="0" ind2="0" tag="t60"><marcx:subfield code="å">8</marcx:subfield><marcx:subfield code="t">Rødby-Puttgarden</marcx:subfield><marcx:subfield code="f">romaner</marcx:subfield></marcx:datafield><marcx:datafield ind1="0" ind2="0" tag="t60"><marcx:subfield code="å">9</marcx:subfield><marcx:subfield code="t">Ned til hundene</marcx:subfield><marcx:subfield code="f">romaner</marcx:subfield></marcx:datafield><marcx:datafield ind1="0" ind2="0" tag="t60"><marcx:subfield code="å">10</marcx:subfield><marcx:subfield code="t">Dette burde skrives i nutid</marcx:subfield><marcx:subfield code="f">romaner</marcx:subfield></marcx:datafield><marcx:datafield ind1="0" ind2="0" tag="t90"><marcx:subfield code="å">1</marcx:subfield><marcx:subfield code="a">Hansen</marcx:subfield><marcx:subfield code="h">Per Krogh</marcx:subfield><marcx:subfield code="z">t00/1(a,h)</marcx:subfield></marcx:datafield><marcx:datafield ind1="0" ind2="0" tag="t90"><marcx:subfield code="å">8</marcx:subfield><marcx:subfield code="a">Wittenburg Kvorning</marcx:subfield><marcx:subfield code="h">Trine</marcx:subfield><marcx:subfield code="z">t00/8(a,h)</marcx:subfield></marcx:datafield><marcx:datafield ind1="0" ind2="0" tag="t90"><marcx:subfield code="å">9</marcx:subfield><marcx:subfield code="a">Hansen</marcx:subfield><marcx:subfield code="h">Nils Gunder</marcx:subfield><marcx:subfield code="t">00/9(a,h)</marcx:subfield></marcx:datafield><marcx:datafield ind1="0" ind2="0" tag="t90"><marcx:subfield code="å">10</marcx:subfield><marcx:subfield code="a">Albertsen</marcx:subfield><marcx:subfield code="h">Anita Nell Bech</marcx:subfield><marcx:subfield code="z">t00/10(a,h)</marcx:subfield></marcx:datafield><marcx:datafield ind1="0" ind2="0" tag="t90"><marcx:subfield code="å">4</marcx:subfield><marcx:subfield code="a">Madsen</marcx:subfield><marcx:subfield code="h">Karen Hvidtfeldt</marcx:subfield><marcx:subfield code="z">t00/4(a,h)</marcx:subfield></marcx:datafield><marcx:datafield ind1="0" ind2="0" tag="t90"><marcx:subfield code="å">7</marcx:subfield><marcx:subfield code="a">Knudsen</marcx:subfield><marcx:subfield code="h">Karin Esmann</marcx:subfield><marcx:subfield code="z">t00/7(a,h)</marcx:subfield></marcx:datafield><marcx:datafield ind1="0" ind2="0" tag="z99"><marcx:subfield code="a">mbf</marcx:subfield></marcx:datafield></marcx:record></ting:localData>
</foxml:xmlContent>
</foxml:datastreamVersion>
</foxml:datastream>
<foxml:datastream ID="RELS-SYS" STATE="A" CONTROL_GROUP="X" VERSIONABLE="false">
<foxml:datastreamVersion ID="RELS-SYS.1" LABEL="" CREATED="2013-05-16T12:06:31.588Z" MIMETYPE="application/rdf+xml" SIZE="317">
<foxml:xmlContent>
<rdf:RDF xmlns:rdf="http://www.w3.org/1999/02/22-rdf-syntax-ns#">
  <rdf:Description rdf:about="info:fedora/870970-basis:29080380">
    <isMemberOfUnit xmlns="info:fedora/">unit:44004</isMemberOfUnit>
    <isPrimaryBibObjectFor xmlns="info:fedora/">unit:44004</isPrimaryBibObjectFor>
  </rdf:Description>
</rdf:RDF>
</foxml:xmlContent>
</foxml:datastreamVersion>
</foxml:datastream>
<foxml:datastream ID="DC" STATE="A" CONTROL_GROUP="X" VERSIONABLE="false">
<foxml:datastreamVersion ID="DC.1" LABEL="" CREATED="2013-05-16T12:09:15.009Z" MIMETYPE="text/xml" SIZE="1725">
<foxml:xmlContent>
<oai_dc:dc xmlns:dc="http://purl.org/dc/elements/1.1/" xmlns:oai_dc="http://www.openarchives.org/OAI/2.0/oai_dc/" xmlns:xsi="http://www.w3.org/2001/XMLSchema-instance" xsi:schemaLocation="http://www.openarchives.org/OAI/2.0/oai_dc/ http://www.openarchives.org/OAI/2.0/oai_dc.xsd">
  <dc:title>hvor lidt der skal til</dc:title>
  <dc:title>MATCH:hvor l</dc:title>
  <dc:subject>helle helle</dc:subject>
  <dc:subject>helle helle</dc:subject>
  <dc:subject>analyser</dc:subject>
  <dc:subject>bibliografier</dc:subject>
  <dc:subject>dansk litteratur</dc:subject>
  <dc:subject>forfatterskaber</dc:subject>
  <dc:subject>litteraturanalyser</dc:subject>
  <dc:subject>1990-1999</dc:subject>
  <dc:subject>2000-2009</dc:subject>
  <dc:subject>2010-2019</dc:subject>
  <dc:publisher>syddansk universitetsforlag</dc:publisher>
  <dc:publisher>rosinante</dc:publisher>
  <dc:publisher>MATCHSTRING:syddans</dc:publisher>
  <dc:publisher>MATCHSTRING:rosinan</dc:publisher>
  <dc:contributor>MATCHSTRING:Ꜳbenhusj</dc:contributor>
  <dc:contributor>MATCHSTRING:Bech Albertsena</dc:contributor>
  <dc:contributor>MATCHSTRING:Krogh Hansenp</dc:contributor>
  <dc:contributor>MATCHSTRING:syddansk universitet</dc:contributor>
  <dc:contributor>jørgen Ꜳbenhus</dc:contributor>
  <dc:contributor>anita nell bech albertsen</dc:contributor>
  <dc:contributor>per krogh hansen</dc:contributor>
  <dc:contributor>syddansk universitet</dc:contributor>
  <dc:date>2011</dc:date>
  <dc:type>Bog</dc:type>
  <dc:type>WORK:analysis</dc:type>
  <dc:identifier>870970-basis:29080380</dc:identifier>
  <dc:identifier>ISBN:9788776745790</dc:identifier>
  <dc:identifier>ISSN:00783331</dc:identifier>
  <dc:language>Dansk</dc:language>
</oai_dc:dc>
</foxml:xmlContent>
</foxml:datastreamVersion>
</foxml:datastream>
</foxml:digitalObject><ocn></ocn><holdingsServiceResponse><response>
<timestamp>2013-05-30 10:27:08.428</timestamp>
<pid>870970-basis:29080380</pid>
<result>
</result>
</response></holdingsServiceResponse></oclcRecord></oclcRecords>

</ns1:originalData>
<ns1:outputFormat>PLACEHOLDER</ns1:outputFormat>
   </ns1:formatRequest>
 </SOAP-ENV:Body>
</SOAP-ENV:Envelope>
